<?xml version="1.0" encoding="UTF-8"?><collection xmlns="http://www.loc.gov/MARC21/slim"><record><leader>00626nam--2200169-u-4500</leader><controlfield tag="001">000055058</controlfield><controlfield tag="002">20161230</controlfield><controlfield tag="005">20161230201052</controlfield><controlfield tag="008">121026s1000------------r-----000-0-eng-d</controlfield><datafield ind1=" " ind2=" " tag="040"><subfield code="a">IFIN-HH</subfield></datafield><datafield ind1=" " ind2=" " tag="080"><subfield code="a">538.971:54-31:669.018(061.3)</subfield></datafield><datafield ind1="1" ind2=" " tag="100"><subfield code="a">Karkhanavala, M.D</subfield></datafield><datafield ind1="1" ind2="0" tag="245"><subfield code="a">Chemistry and physics of surface of metals and their oxides</subfield><subfield code="b">Proceedings of a symposium january 27-30, 1976, reactor research centre, kalpakkam, tamil nadu</subfield><subfield code="c">M.d. karkhanavala</subfield></datafield><datafield ind1=" " ind2=" " tag="260"><subfield code="a">Kalpakkam, Tamil Nadu</subfield><subfield code="b">Departament Of Atomic Energy, Government Of India</subfield><subfield code="c">1976</subfield></datafield><datafield ind1=" " ind2=" " tag="300"><subfield code="a">403P</subfield></datafield><datafield ind1=" " ind2=" " tag="852"><subfield code="a">45257</subfield><subfield code="c">539.2</subfield></datafield><datafield ind1=" " ind2=" " tag="CAT"><subfield code="a">Sys</subfield><subfield code="c">20121026</subfield><subfield code="h">104950</subfield></datafield></record></collection>